@article{nussinov2009bond,
    title         = {Bond algebras and exact solvability of hamiltonians: Spin {$S=1/2$} multilayer systems},
    author        = {Nussinov, Zohar and Ortiz, Gerardo},
    journal       = {Phys. Rev. B},
    volume        = {79},
    number        = {21},
    pages         = {214440},
    year          = {2009},
    publisher     = {APS},
    url           = {https://link.aps.org/doi/10.1103/PhysRevB.79.214440}
}

@article{cobanera2011bond,
    title         = {The bond-algebraic approach to dualities},
    author        = {Cobanera, Emilio and Ortiz, Gerardo and Nussinov, Zohar},
    journal       = {Advances in physics},
    volume        = {60},
    number        = {5},
    pages         = {679--798},
    year          = {2011},
    publisher     = {Taylor \& Francis},
    doi           = {10.1080/00018732.2011.619814},
    URL           = {https://doi.org/10.1080/00018732.2011.619814}
}

@article{tagliacozzo2011entanglement,
    title         = {Entanglement renormalization and gauge symmetry},
    author        = {Tagliacozzo, Luca and Vidal, Guifre},
    journal       = {Phys. Rev. B},
    volume        = {83},
    number        = {11},
    pages         = {115127},
    year          = {2011},
    publisher     = {APS},
    doi           = {10.1103/PhysRevB.83.115127},
    url           = {https://link.aps.org/doi/10.1103/PhysRevB.83.115127}
}

@article{ortiz2012dualities,
    title         = {Dualities and the phase diagram of the {$p$}-clock model},
    author        = {Ortiz, Gerardo and Cobanera, Emilio and Nussinov, Zohar},
    journal       = {Nuclear Physics B},
    volume        = {854},
    number        = {3},
    pages         = {780--814},
    year          = {2012},
    publisher     = {Elsevier},
    doi           = {https://doi.org/10.1016/j.nuclphysb.2011.09.012},
    url           = {https://www.sciencedirect.com/science/article/pii/S0550321311005219}
}

@article{sun2019phase,
    title         = {Phase transitions in the {$Z_p$} and {$U(1)$} clock models},
    author        = {Sun, G and Vekua, T and Cobanera, E and Ortiz, G},
    journal       = {Phys. Rev. B},
    volume        = {100},
    number        = {9},
    pages         = {094428},
    year          = {2019},
    publisher     = {APS},
    doi           = {10.1103/PhysRevB.100.094428},
    url           = {https://link.aps.org/doi/10.1103/PhysRevB.100.094428}
}

@article{wu1982potts,
    title         = {The {P}otts model},
    author        = {Wu, Fa-Yueh},
    journal       = {Reviews of modern physics},
    volume        = {54},
    number        = {1},
    pages         = {235},
    year          = {1982},
    publisher     = {APS}
}

@article{wilson1974confinement,
    title         = {Confinement of quarks},
    author        = {Wilson, Kenneth G},
    journal       = {Phys. Rev. D},
    volume        = {10},
    number        = {8},
    pages         = {2445},
    year          = {1974},
    publisher     = {APS},
    doi           = {10.1103/PhysRevD.10.2445},
    url           = {https://link.aps.org/doi/10.1103/PhysRevD.10.2445}
}

@article{kitaev2003fault,
    title         = {Fault-tolerant quantum computation by anyons},
    author        = {Kitaev, A Yu},
    journal       = {Annals of Physics},
    volume        = {303},
    number        = {1},
    pages         = {2--30},
    year          = {2003},
    publisher     = {Elsevier},
    doi           = {https://doi.org/10.1016/S0003-4916(02)00018-0},
    url           = {https://www.sciencedirect.com/science/article/pii/S0003491602000180},
}

@article{fendley2012parafermions,
    title         = {Parafermionic edge zero modes in {$Z_n$}-invariant spin chains},
    author        = {Paul Fendley},
    journal       = {Journal of Statistical Mechanics: Theory and Experiment},
    doi           = {10.1088/1742-5468/2012/11/p11020},
    url           = {https://doi.org/10.1088/1742-5468/2012/11/p11020},
    year          = 2012,
    month         = {nov},
    publisher     = {{IOP} Publishing},
    volume        = {2012},
    number        = {11},
    pages         = {P11020},
}

@article{whitsitt2018clock,
    title         = {Quantum field theory for the chiral clock transition in one spatial dimension},
    author        = {Whitsitt, Seth and Samajdar, Rhine and Sachdev, Subir},
    journal       = {Phys. Rev. B},
    volume        = {98},
    issue         = {20},
    pages         = {205118},
    numpages      = {28},
    year          = {2018},
    month         = {Nov},
    publisher     = {American Physical Society},
    doi           = {10.1103/PhysRevB.98.205118},
    url           = {https://link.aps.org/doi/10.1103/PhysRevB.98.205118}
}

@article{sached2018clock,
    title         = {Numerical study of the chiral {$\mathbb{Z}_3$} quantum phase transition in one spatial dimension},
    author        = {Samajdar, Rhine and Choi, Soonwon and Pichler, Hannes and Lukin, Mikhail D. and Sachdev, Subir},
    journal       = {Phys. Rev. A},
    volume        = {98},
    issue         = {2},
    pages         = {023614},
    numpages      = {12},
    year          = {2018},
    month         = {Aug},
    publisher     = {American Physical Society},
    doi           = {10.1103/PhysRevA.98.023614},
    url           = {https://link.aps.org/doi/10.1103/PhysRevA.98.023614}
}

@article{zhuang2015clock,
    title         = {Phase diagram of the {${Z}_{3}$} parafermionic chain with chiral interactions},
    author        = {Zhuang, Ye and Changlani, Hitesh J. and Tubman, Norm M. and Hughes, Taylor L.},
    journal       = {Phys. Rev. B},
    volume        = {92},
    issue         = {3},
    pages         = {035154},
    numpages      = {11},
    year          = {2015},
    month         = {Jul},
    publisher     = {American Physical Society},
    doi           = {10.1103/PhysRevB.92.035154},
    url           = {https://link.aps.org/doi/10.1103/PhysRevB.92.035154}
}

@article{huang2019clock,
    title         = {Nonequilibrium critical dynamics in the quantum chiral clock model},
    author        = {Huang, Rui-Zhen and Yin, Shuai},
    journal       = {Phys. Rev. B},
    volume        = {99},
    issue         = {18},
    pages         = {184104},
    numpages      = {7},
    year          = {2019},
    month         = {May},
    publisher     = {American Physical Society},
    doi           = {10.1103/PhysRevB.99.184104},
    url           = {https://link.aps.org/doi/10.1103/PhysRevB.99.184104}
}

@article{bernien2017probing,
    title         = {Probing many-body dynamics on a 51-atom quantum simulator},
    author        = {Bernien, Hannes and Schwartz, Sylvain and Keesling, Alexander and Levine, Harry and Omran, Ahmed and Pichler, Hannes and Choi, Soonwon and Zibrov, Alexander S and Endres, Manuel and Greiner, Markus and others},
    journal       = {Nature},
    volume        = {551},
    number        = {7682},
    pages         = {579--584},
    year          = {2017},
    publisher     = {Nature Publishing Group}
}

@book{baxter1982exactlysm,
    title         = {Exactly solved models in statistical mechanics},
    author        = {Baxter, Rodney J},
    year          = {2016},
    publisher     = {Elsevier}
}

@article{kramers1941statistics,
    title         = {Statistics of the two-dimensional ferromagnet. {P}art {I}},
    author        = {Kramers, Hendrik A and Wannier, Gregory H},
    journal       = {Phys. Rev.},
    volume        = {60},
    number        = {3},
    pages         = {252},
    year          = {1941},
    publisher     = {APS}
}

@article{fradkin1978order,
    title         = {Order and disorder in gauge systems and magnets},
    author        = {Fradkin, Eduardo and Susskind, Leonard},
    journal       = {Phys. Rev. D},
    volume        = {17},
    number        = {10},
    pages         = {2637},
    year          = {1978},
    publisher     = {APS},
    doi           = {10.1103/PhysRevD.17.2637},
    url           = {https://link.aps.org/doi/10.1103/PhysRevD.17.2637}
}

@misc{radicevic2019spin,
    title         = {Spin Structures and Exact Dualities in Low Dimensions},
    author        = {Djordje Radicevic},
    year          = {2019},
    eprint        = {1809.07757},
    archivePrefix = {arXiv},
    primaryClass  = {hep-th}
}

@article{fendley2014parafermions,
    title         = {Free parafermions},
    author        = {Fendley, Paul},
    journal       = {Journal of Physics A: Mathematical and Theoretical},
    volume        = {47},
    number        = {7},
    pages         = {075001},
    year          = {2014},
    publisher     = {IOP Publishing},
    doi           = {10.1088/1751-8113/47/7/075001},
    url           = {https://doi.org/10.1088/1751-8113/47/7/075001},
}

@article{baxter1989clock,
    title         = {A simple solvable {$Z_N$} {H}amiltonian},
    author        = {Baxter, Rodney J},
    journal       = {Physics Letters A},
    volume        = {140},
    number        = {4},
    pages         = {155--157},
    year          = {1989},
    publisher     = {Elsevier},
    doi           = {https://doi.org/10.1016/0375-9601(89)90884-0},
    url           = {https://www.sciencedirect.com/science/article/pii/0375960189908840}
}

@article{schwinger1960unitary,
    author        = {Schwinger, Julian},
    title         = {Unitary operator bases},
    volume        = {46},
    number        = {4},
    pages         = {570--579},
    year          = {1960},
    doi           = {10.1073/pnas.46.4.570},
    publisher     = {National Academy of Sciences},
    issn          = {0027-8424},
    journal       = {Proceedings of the National Academy of Sciences}
}

@article{notarnicola2015discrete,
    title         = {Discrete Abelian gauge theories for quantum simulations of {QED}},
    author        = {Notarnicola, Simone and Ercolessi, Elisa and Facchi, Paolo and Marmo, Giuseppe and Pascazio, Saverio and Pepe, Francesco V},
    journal       = {Journal of Physics A: Mathematical and Theoretical},
    volume        = {48},
    number        = {30},
    pages         = {30FT01},
    year          = {2015},
    publisher     = {IOP Publishing},
    doi           = {10.1088/1751-8113/48/30/30ft01},
    url           = {https://doi.org/10.1088/1751-8113/48/30/30ft01},

}

@misc{schwinger2001symbolism,
    title         = {Symbolism of Atomic Measurements},
    author        = {Schwinger, J and Englert, BG},
    year          = {2001},
    publisher     = {Springer, New York}
}

@book{cardy1996scaling,
    title         = {Scaling and renormalization in statistical physics},
    author        = {Cardy, John},
    volume        = {5},
    year          = {1996},
    publisher     = {Cambridge university press}
}

@article{kogut1975hamiltonian,
    title         = {Hamiltonian formulation of Wilson's lattice gauge theories},
    author        = {Kogut, John and Susskind, Leonard},
    journal       = {Phys. Rev. D},
    volume        = {11},
    issue         = {2},
    pages         = {395--408},
    numpages      = {0},
    year          = {1975},
    month         = {Jan},
    publisher     = {American Physical Society},
    doi           = {10.1103/PhysRevD.11.395},
    url           = {https://link.aps.org/doi/10.1103/PhysRevD.11.395}
}

@article{feynman1985quantum,
    author        = {Richard P. Feynman},
    journal       = {Optics News},
    keywords      = {Atoms; Quantum electronics; Temperature; Theoretical physics; Transforms; Transmission electron microscopy},
    number        = {2},
    pages         = {11--20},
    publisher     = {Optica Publishing Group},
    title         = {Quantum Mechanical Computers},
    volume        = {11},
    month         = {Feb},
    year          = {1985},
    url           = {http://www.optica-opn.org/abstract.cfm?URI=on-11-2-11},
    doi           = {10.1364/ON.11.2.000011},
}

@incollection{feynman2018simulating,
    title         = {Simulating physics with computers},
    author        = {Feynman, Richard P.},
    booktitle     = {Feynman and computation},
    pages         = {133--153},
    year          = {2018},
    publisher     = {CRC Press}
}


@article{kogut1979introduction,
    title         = {An introduction to lattice gauge theory and spin systems},
    author        = {Kogut, John B.},
    journal       = {Rev. Mod. Phys.},
    volume        = {51},
    issue         = {4},
    pages         = {659--713},
    numpages      = {0},
    year          = {1979},
    month         = {Oct},
    publisher     = {American Physical Society},
    doi           = {10.1103/RevModPhys.51.659},
    url           = {https://link.aps.org/doi/10.1103/RevModPhys.51.659}
}

@article{tagliacozzo2013optical,
    title         = {Optical Abelian lattice gauge theories},
    author        = {Tagliacozzo, Luca and Celi, Alessio and Zamora, Alejandro and Lewenstein, Maciej},
    journal       = {Annals of Physics},
    volume        = {330},
    pages         = {160--191},
    year          = {2013},
    publisher     = {Elsevier},
    doi           = {https://doi.org/10.1016/j.aop.2012.11.009},
    url           = {https://www.sciencedirect.com/science/article/pii/S0003491612001819}
}

@article{fradkin1979phase,
    title         = {Phase diagrams of lattice gauge theories with {H}iggs fields},
    author        = {Fradkin, Eduardo and Shenker, Stephen H.},
    journal       = {Phys. Rev. D},
    volume        = {19},
    issue         = {12},
    pages         = {3682--3697},
    numpages      = {0},
    year          = {1979},
    month         = {Jun},
    publisher     = {American Physical Society},
    doi           = {10.1103/PhysRevD.19.3682},
    url           = {https://link.aps.org/doi/10.1103/PhysRevD.19.3682}
}

@article{burrello2021ladder,
    title         = {${\mathbb{Z}}_{N}$ lattice gauge theory in a ladder geometry},
    author        = {Nyhegn, Jens and Chung, Chia-Min and Burrello, Michele},
    journal       = {Phys. Rev. Research},
    volume        = {3},
    issue         = {1},
    pages         = {013133},
    numpages      = {28},
    year          = {2021},
    month         = {Feb},
    publisher     = {American Physical Society},
    doi           = {10.1103/PhysRevResearch.3.013133},
    url           = {https://link.aps.org/doi/10.1103/PhysRevResearch.3.013133}
}

@article{weinberg2017quspin,
    title         = {{QuSpin: a Python Package for Dynamics and Exact Diagonalisation of  Quantum Many Body Systems part I: spin chains}},
    author        = {Phillip Weinberg and Marin Bukov},
    journal       = {SciPost Phys.},
    volume        = {2},
    issue         = {1},
    pages         = {003},
    year          = {2017},
    publisher     = {SciPost},
    doi           = {10.21468/SciPostPhys.2.1.003},
    url           = {https://scipost.org/10.21468/SciPostPhys.2.1.003},
}


@article{weinberg2019quspin,
    title         = {{QuSpin: a Python Package for Dynamics and Exact Diagonalisation of  Quantum Many Body Systems. Part II: bosons, fermions and higher spins}},
    author        = {Phillip Weinberg and Marin Bukov},
    journal       = {SciPost Phys.},
    volume        = {7},
    issue         = {2},
    pages         = {20},
    year          = {2019},
    publisher     = {SciPost},
    doi           = {10.21468/SciPostPhys.7.2.020},
    url           = {https://scipost.org/10.21468/SciPostPhys.7.2.020},
}


@article{ercolessi2018znmodels,
    title         = {Phase transitions in ${Z}_{n}$ gauge models: Towards quantum simulations of the Schwinger-Weyl QED},
    author        = {Ercolessi, Elisa and Facchi, Paolo and Magnifico, Giuseppe and Pascazio, Saverio and Pepe, Francesco V.},
    journal       = {Phys. Rev. D},
    volume        = {98},
    issue         = {7},
    pages         = {074503},
    numpages      = {16},
    year          = {2018},
    month         = {Oct},
    publisher     = {American Physical Society},
    doi           = {10.1103/PhysRevD.98.074503},
    url           = {https://link.aps.org/doi/10.1103/PhysRevD.98.074503}
}


@article{magnifico2020realtimedynamics,
    title         = {Real {T}ime {D}ynamics and {C}onfinement in the {$\mathbb{Z}_{n}$} {S}chwinger-{W}eyl lattice model for 1+1 {QED}},
    author        = {Magnifico, Giuseppe and Dalmonte, Marcello and Facchi, Paolo and Pascazio, Saverio and Pepe, Francesco V. and Ercolessi, Elisa},
    journal       = {{Quantum}},
    issn          = {2521-327X},
    publisher     = {{Verein zur F{\"{o}}rderung des Open Access Publizierens in den Quantenwissenschaften}},
    volume        = {4},
    pages         = {281},
    month         = jun,
    year          = {2020},
    doi           = {10.22331/q-2020-06-15-281},
    url           = {https://doi.org/10.22331/q-2020-06-15-281}
}

@book{weyl1950theory,
    title         = {The theory of groups and quantum mechanics},
    author        = {Weyl, Hermann},
    year          = {1950},
    publisher     = {Courier Corporation}
}

@article{hamma2008adiabatic,
    title         = {Adiabatic Preparation of Topological Order},
    author        = {Hamma, Alioscia and Lidar, Daniel A.},
    journal       = {Phys. Rev. Lett.},
    volume        = {100},
    issue         = {3},
    pages         = {030502},
    numpages      = {4},
    year          = {2008},
    month         = {Jan},
    publisher     = {American Physical Society},
    doi           = {10.1103/PhysRevLett.100.030502},
    url           = {https://link.aps.org/doi/10.1103/PhysRevLett.100.030502}
}


@article{trebst2007topological,
    title         = {Breakdown of a Topological Phase: Quantum Phase Transition in a Loop Gas Model with Tension},
    author        = {Trebst, Simon and Werner, Philipp and Troyer, Matthias and Shtengel, Kirill and Nayak, Chetan},
    journal       = {Phys. Rev. Lett.},
    volume        = {98},
    issue         = {7},
    pages         = {070602},
    numpages      = {4},
    year          = {2007},
    month         = {Feb},
    publisher     = {American Physical Society},
    doi           = {10.1103/PhysRevLett.98.070602},
    url           = {https://link.aps.org/doi/10.1103/PhysRevLett.98.070602}
}

@article{wegner1971duality,
    author        = {Wegner,Franz J. },
    title         = {Duality in Generalized Ising Models and Phase Transitions without Local Order Parameters},
    journal       = {Journal of Mathematical Physics},
    volume        = {12},
    number        = {10},
    pages         = {2259-2272},
    year          = {1971},
    doi           = {10.1063/1.1665530},
    URL           = {https://doi.org/10.1063/1.1665530},
    eprint        = {https://doi.org/10.1063/1.1665530}
}

@article{pomponio2022bloch,
    title         = {{Bloch oscillations and the lack of the decay of the false vacuum in a  one-dimensional quantum spin chain}},
    author        = {O. Pomponio and M. A. Werner and G. Zarand and G. Takacs},
    journal       = {SciPost Phys.},
    volume        = {12},
    issue         = {2},
    pages         = {61},
    year          = {2022},
    publisher     = {SciPost},
    doi           = {10.21468/SciPostPhys.12.2.061},
    url           = {https://scipost.org/10.21468/SciPostPhys.12.2.061},
}

@article{kormos2017confinement,
    title         = {Real-time confinement following a quantum quench to a non-integrable model},
    author        = {Kormos, Marton and Collura, Mario and Tak{\'a}cs, Gabor and Calabrese, Pasquale},
    journal       = {Nature Physics},
    volume        = {13},
    number        = {3},
    pages         = {246--249},
    year          = {2017},
    publisher     = {Nature Publishing Group},
    doi           = {10.1038/nphys3934},
    url           = {https://www.nature.com/articles/nphys3934}
}


@article{banuls2011thermalization,
    title         = {Strong and Weak Thermalization of Infinite Nonintegrable Quantum Systems},
    author        = {Ba\~nuls, M. C. and Cirac, J. I. and Hastings, M. B.},
    journal       = {Phys. Rev. Lett.},
    volume        = {106},
    issue         = {5},
    pages         = {050405},
    numpages      = {4},
    year          = {2011},
    month         = {Feb},
    publisher     = {American Physical Society},
    doi           = {10.1103/PhysRevLett.106.050405},
    url           = {https://link.aps.org/doi/10.1103/PhysRevLett.106.050405}
}

@article{banuls2020simulating,
    title         = {Simulating lattice gauge theories within quantum technologies},
    author        = {Ba{\~n}uls, Mari Carmen and Blatt, Rainer and Catani, Jacopo and Celi, Alessio and Cirac, Juan Ignacio and Dalmonte, Marcello and Fallani, Leonardo and Jansen, Karl and Lewenstein, Maciej and Montangero, Simone and others},
    journal       = {The European Physical Journal D},
    volume        = {74},
    number        = {8},
    pages         = {1--42},
    year          = {2020},
    publisher     = {Springer},
    url           = {https://link.springer.com/article/10.1140/epjd/e2020-100571-8},
    doi           = {10.1140/epjd/e2020-100571-8}
}

@article{huse1983chiral,
    title         = {Melting and wetting transitions in the three-state chiral clock model},
    journal       = {Physica A: Statistical Mechanics and its Applications},
    volume        = {121},
    number        = {3},
    pages         = {363-398},
    year          = {1983},
    issn          = {0378-4371},
    doi           = {https://doi.org/10.1016/0378-4371(83)90001-8},
    url           = {https://www.sciencedirect.com/science/article/pii/0378437183900018},
    author        = {David A. Huse and Anthony M. Szpilka and Michael E. Fisher},
}

@article{kuhn2014schwinger,
    title         = {Quantum simulation of the Schwinger model: A study of feasibility},
    author        = {K\"uhn, Stefan and Cirac, J. Ignacio and Ba\~nuls, Mari-Carmen},
    journal       = {Phys. Rev. A},
    volume        = {90},
    issue         = {4},
    pages         = {042305},
    numpages      = {9},
    year          = {2014},
    month         = {Oct},
    publisher     = {American Physical Society},
    doi           = {10.1103/PhysRevA.90.042305},
    url           = {https://link.aps.org/doi/10.1103/PhysRevA.90.042305}
}

@article{emonts2020z3gauge,
    title         = {Variational Monte Carlo simulation with tensor networks of a pure ${\mathbb{Z}}_{3}$ gauge theory in $(2+1)\mathrm{D}$},
    author        = {Emonts, Patrick and Ba\~nuls, Mari Carmen and Cirac, Ignacio and Zohar, Erez},
    journal       = {Phys. Rev. D},
    volume        = {102},
    issue         = {7},
    pages         = {074501},
    numpages      = {13},
    year          = {2020},
    month         = {Oct},
    publisher     = {American Physical Society},
    doi           = {10.1103/PhysRevD.102.074501},
    url           = {https://link.aps.org/doi/10.1103/PhysRevD.102.074501}
}

@article{zohar2017z2gauge,
    title         = {Digital Quantum Simulation of ${\mathbb{Z}}_{2}$ Lattice Gauge Theories with Dynamical Fermionic Matter},
    author        = {Zohar, Erez and Farace, Alessandro and Reznik, Benni and Cirac, J. Ignacio},
    journal       = {Phys. Rev. Lett.},
    volume        = {118},
    issue         = {7},
    pages         = {070501},
    numpages      = {5},
    year          = {2017},
    month         = {Feb},
    publisher     = {American Physical Society},
    doi           = {10.1103/PhysRevLett.118.070501},
    url           = {https://link.aps.org/doi/10.1103/PhysRevLett.118.070501}
}

@article{zohar2015latticegauge,
    title         = {Formulation of lattice gauge theories for quantum simulations},
    author        = {Zohar, Erez and Burrello, Michele},
    journal       = {Phys. Rev. D},
    volume        = {91},
    issue         = {5},
    pages         = {054506},
    numpages      = {15},
    year          = {2015},
    month         = {Mar},
    publisher     = {American Physical Society},
    doi           = {10.1103/PhysRevD.91.054506},
    url           = {https://link.aps.org/doi/10.1103/PhysRevD.91.054506}
}

@article{zohar2017digital,
    title         = {Digital lattice gauge theories},
    author        = {Zohar, Erez and Farace, Alessandro and Reznik, Benni and Cirac, J. Ignacio},
    journal       = {Phys. Rev. A},
    volume        = {95},
    issue         = {2},
    pages         = {023604},
    numpages      = {23},
    year          = {2017},
    month         = {Feb},
    publisher     = {American Physical Society},
    doi           = {10.1103/PhysRevA.95.023604},
    url           = {https://link.aps.org/doi/10.1103/PhysRevA.95.023604}
}

@article{dalmonte2016latticegauge,
    author        = {M. Dalmonte and S. Montangero},
    title         = {Lattice gauge theory simulations in the quantum information era},
    journal       = {Contemporary Physics},
    volume        = {57},
    number        = {3},
    pages         = {388-412},
    year          = {2016},
    publisher     = {Taylor & Francis},
    doi           = {10.1080/00107514.2016.1151199},
}

@article{horn1979zngauge,
    title         = {Hamiltonian approach to $Z(N)$ lattice gauge theories},
    author        = {Horn, D. and Weinstein, M. and Yankielowicz, S.},
    journal       = {Phys. Rev. D},
    volume        = {19},
    issue         = {12},
    pages         = {3715--3731},
    numpages      = {0},
    year          = {1979},
    month         = {Jun},
    publisher     = {American Physical Society},
    doi           = {10.1103/PhysRevD.19.3715},
    url           = {https://link.aps.org/doi/10.1103/PhysRevD.19.3715}
}

@article{zohar2015quantum,
    title         = {Quantum simulations of lattice gauge theories using ultracold atoms in optical lattices},
    author        = {Zohar, Erez and Cirac, J Ignacio and Reznik, Benni},
    journal       = {Reports on Progress in Physics},
    volume        = {79},
    number        = {1},
    pages         = {014401},
    year          = {2015},
    publisher     = {IOP Publishing},
    doi           = {10.1088/0034-4885/79/1/014401}
}

